@article{yanhong2000,
  title={明代流刑考},
  author={吴艳红},
  journal={历史研究},
  number={6},
  pages={33--43},
  year={2000}
}

@book{yixuan1984,
  title={〈明史{\textperiodcentered} 佛郎机传〉笺正},
  author={戴裔煊},
  year={1984},
  pages={6},
  publisher={中国社会科学出版社}
}
